<record><leader>00000cas a22000007a 4500</leader><controlfield tag="001">13457885</controlfield><controlfield tag="008">860419d19081925nvuwr ne      0    0eng d</controlfield><datafield ind1=" " ind2=" " tag="010"><subfield code="a">sn 86091349 </subfield></datafield><datafield ind1=" " ind2=" " tag="040"><subfield code="a">UNP</subfield><subfield code="b">eng</subfield><subfield code="c">UNP</subfield><subfield code="d">NNX</subfield><subfield code="d">OCLCQ</subfield><subfield code="d">OCLCF</subfield><subfield code="d">OCLCO</subfield></datafield><datafield ind1=" " ind2=" " tag="042"><subfield code="a">msc</subfield></datafield><datafield ind1=" " ind2=" " tag="043"><subfield code="a">n-us-nv</subfield></datafield><datafield ind1=" " ind2="4" tag="050"><subfield code="a">AN2.N3</subfield><subfield code="b">P56</subfield></datafield><datafield ind1="0" ind2=" " tag="130"><subfield code="a">Pioche record (1908)</subfield></datafield><datafield ind1="1" ind2="4" tag="245"><subfield code="a">The Pioche record.</subfield></datafield><datafield ind1=" " ind2=" " tag="260"><subfield code="a">Pioche, Nev. :</subfield><subfield code="b">L.H. Beeson,</subfield><subfield code="c">1908-1925.</subfield></datafield><datafield ind1=" " ind2=" " tag="300"><subfield code="a">v. :</subfield><subfield code="b">ill.</subfield></datafield><datafield ind1=" " ind2=" " tag="310"><subfield code="a">Weekly</subfield></datafield><datafield ind1="0" ind2=" " tag="362"><subfield code="a">Vol. 59, no. 13 (Dec. 26, 1908)-v. 59, no. 33 (May 15, 1909); v. 39-34 (May 22, 1909)-v. 55, no. 34 (June 27, 1925).</subfield></datafield><datafield ind1=" " ind2="0" tag="651"><subfield code="a">Pioche (Nev.)</subfield><subfield code="v">Newspapers.</subfield></datafield><datafield ind1=" " ind2="7" tag="655"><subfield code="a">Newspapers.</subfield><subfield code="2">fast</subfield><subfield code="0">(OCoLC)fst01423814</subfield></datafield><datafield ind1=" " ind2="7" tag="651"><subfield code="a">Nevada</subfield><subfield code="z">Pioche.</subfield><subfield code="2">fast</subfield><subfield code="0">(OCoLC)fst01237640</subfield></datafield><datafield ind1=" " ind2=" " tag="752"><subfield code="a">United States</subfield><subfield code="b">Nevada</subfield><subfield code="c">Lincoln</subfield><subfield code="d">Pioche.</subfield></datafield><datafield ind1="0" ind2="0" tag="780"><subfield code="t">Pioche weekly record (1906)</subfield><subfield code="w">(DLC)sn 86091348</subfield><subfield code="w">(OCoLC)13457857</subfield></datafield><datafield ind1="0" ind2="7" tag="785"><subfield code="t">Caliente weekly news</subfield><subfield code="w">(DLC)sn 86076344</subfield><subfield code="w">(OCoLC)13994603</subfield></datafield><datafield ind1="0" ind2="7" tag="785"><subfield code="t">Lincoln County record (Pioche, Nev. : 1925)</subfield><subfield code="w">(DLC)sn 86091350</subfield><subfield code="w">(OCoLC)13457921</subfield></datafield></record>